@inproceedings{KKS91,
    author = "{R. Kumar} and {T. Kropf} and {K. Schneider}",
    title = "{I}ntegrating a {F}irst-{O}rder {A}utomatic {P}rover in the {HOL} {E}nvironment",
    booktitle = "International Workshop on Higher Order Logic Theorem Proving and its Applications",
    publisher = "IEEE Computer Society Press",
    address = "Davis, California",
    editor = "{M. Archer} and {J.J. Joyce} and {K.N. Levitt} and {P.J. Windley}",
    pages = "170--176",
    year = "1991",
    url = "citeseer.ist.psu.edu/kumar91integrating.html" }

@INPROCEEDINGS{Hurd02,
  AUTHOR = {Joe Hurd},
  TITLE = {An {LCF}-Style Interface between {HOL} and First-Order Logic},
  PAGES = {134--138},
  CROSSREF = {cade2002},
  URL = {http://www.cl.cam.ac.uk/~jeh1004/research/papers/hol2fol.html}
}

@INPROCEEDINGS{Hurd99,
  AUTHOR = {Joe Hurd},
  TITLE = {Integrating {Gandalf} and {HOL}},
  CROSSREF = {tphols1999},
  PAGES = {311--321},
  URL = {http://www.cl.cam.ac.uk/~jeh1004/research/papers/gandalf.html},
}

@PROCEEDINGS{cade2002,
  TITLE = {Proceedings of the 18th International Conference on Automated Deduction (CADE-18)},
  BOOKTITLE = {Proceedings of the 18th International Conference on Automated Deduction (CADE-18)},
  EDITOR = {Andrei Voronkov},
  MONTH = JUL,
  YEAR = 2002,
  ADDRESS = {Copenhagen, Denmark},
  SERIES = {Lecture Notes in Artificial Intelligence},
  VOLUME = 2392,
  PUBLISHER = {Springer}
}

@PROCEEDINGS{tphols1999,
  TITLE = {Theorem Proving in Higher Order Logics, 12th International Conference, {TPHOLs} '99},
  BOOKTITLE = {Theorem Proving in Higher Order Logics, 12th International Conference, {TPHOLs} '99},
  EDITOR = {Yves Bertot and Gilles Dowek and Andr\'e Hirschowitz and Christine Paulin and Laurent Th\'ery},
  MONTH = SEP,
  YEAR = 1999,
  SERIES = {Lecture Notes in Computer Science},
  VOLUME = 1690,
  PUBLISHER = {Springer},
  ADDRESS = {Nice, France},
  URL = {http://link.springer.de/link/service/series/0558/tocs/t1690.htm}
}

@inproceedings{DBLP:conf/sat/EenS03,
  author    = {Niklas E{\'e}n and
               Niklas S{\"o}rensson},
  title     = {An Extensible {SAT}-solver.},
  booktitle = {SAT},
  year      = {2003},
  pages     = {502-518},
  ee        = {http://springerlink.metapress.com/openurl.asp?genre=article{\&}issn=0302-9743{\&}volume=2919{\&}spage=502},
  crossref  = {DBLP:conf/sat/2003},
  bibsource = {DBLP, http://dblp.uni-trier.de}
}

@proceedings{DBLP:conf/sat/2003,
  editor    = {Enrico Giunchiglia and
               Armando Tacchella},
  title     = {Theory and Applications of Satisfiability Testing, 6th International
               Conference, SAT 2003. Santa Margherita Ligure, Italy, May
               5-8, 2003 Selected Revised Papers},
  booktitle = {SAT},
  publisher = {Springer},
  series    = {Lecture Notes in Computer Science},
  volume    = {2919},
  year      = {2004},
  isbn      = {3-540-20851-8},
  bibsource = {DBLP, http://dblp.uni-trier.de}
}

@Unpublished{DPT,
  author = {Amit Goel and Jim Grundy and Sava Krsti\'{c}},
  note   = {\url{http://sourceforge.net/projects/dpt}},
  title  = {{DPT} web site},
}

@Unpublished{YicesWWW,
  key    = Yices,
  note   = {\url{http://yices.csl.sri.com/}},
  title  = {{Yices} web site},
}

@Unpublished{harvey,
  key    = harvey,
  note   = {\url{http://harvey.loria.fr/}},
  title  = {{haRVey} web site},
}

@Unpublished{cvclite,
  key    = cvclite,
  note   = {\url{http://www.cs.nyu.edu/acsys/cvcl/}},
  title  = {{CVC Lite} web site},
}

@Unpublished{cvc3,
  key    = cvc3,
  note   = {\url{http:http://www.cs.nyu.edu/acsys/cvc3}},
  title  = {{CVC3} web site},
}

@Unpublished{hollight,
  key    = hollight,
  note   = {\url{http://www.cl.cam.ac.uk/~jrh13/hol-light/}},
  title  = {{HOL Lite} web site},
}

@Unpublished{SMTComp,
  key    = SMTComp,
  note   = {\url{http://www.csl.sri.com/users/demoura/smt-comp/}},
  title  = {{SMT-COMP'06} web site},
}

@Unpublished{salpvs,
  key    = FormalWare,
  note   = {\url{http://fm.csl.sri.com/}},
  title  = {FormalWare at SRI web site},
}


@Unpublished{SMT-Lib,
  key    = SMTLib,
  note   = {\url{http://combination.cs.uiowa.edu/smtlib/}},
  title  = {{SMT-LIB} web site},
}

@Unpublished{SMTORA,
  key    = SMTOra,
  note   = {\url{http://users.rsise.anu.edu.au/~tiu/smt/}},
  title  = {{SMT oracle} web site},
}

@article{Barsotti06,
  author    = {Damian Barsotti and
               Leonor Prensa Nieto and
               Alwen Fernanto Tiu},
  title     = {Verification of Clock Synchronization Algorithms: Experiments
               on a Combination of Deductive Tools.},
  journal   = {Electr. Notes Theor. Comput. Sci.},
  volume    = {145},
  year      = {2006},
  pages     = {63-78},
}

@Unpublished{SMTLib-logics,
  key    = SMTLib,
  note   = {\url{http://combination.cs.uiowa.edu/smtlib/logics.html}},
  title  = {{SMT-LIB} logics web site},
}

@Unpublished{YicesTool,
  author = {Bruno Duterte and Leonardo de Moura},
  note   = {Available at: \url{http://yices.csl.sri.com/tool-paper.pdf}},
  title  = {{T}he {YICES SMT} {S}olver},
}

@Unpublished{DIMACS,
  key    = Dimacs,
  note   = {\url{http://logic.pdmi.ras.ru/~basolver/dimacs.html}},
  title  = {{DIMACS} {CNF} format description},
}

@Unpublished{smtlist,
  key    = SMTList,
  note   = {\url{http://combination.cs.uiowa.edu/smtlib/solvers.html}},
  title  = {{S}atisfiability {M}odulo {T}heories {S}olvers},
}

@Unpublished{DIMACS_BM,
  key    = DimacsBenchmark,
  note   = {\url{ftp://dimacs.rutgers.edu/pub/challenge/satisfiability/benchmarks/cnf}},
  title  = {{DIMACS} Benchmark problems {FTP} site},
}
@inproceedings{Web06,
  author    = {Tjark Weber},
  title     = {Efficiently Checking Propositional Resolution Proofs in {Isabelle/HOL}},
  editor    = {Chris Benzm{\"u}ller and Bernd Fischer and Geoff Sutcliffe},
  booktitle = {Proceedings of the 6th International Workshop on the Implementation of Logics},
  volume    = {212},
  series    = {CEUR Workshop Proceedings},
  pages     = {44--62},
  month     = nov,
  year      = {2006},
  issn      = {1613-0073},
  url       = {http://sunsite.informatik.rwth-aachen.de/Publications/CEUR-WS/Vol-212/05_Weber.pdf}
}

@inproceedings{Web05,
  author    = {Tjark Weber},
  title     = {Using a {SAT} Solver as a Fast Decision Procedure for Propositional Logic in an {LCF}-style Theorem Prover},
  editor    = {Joe Hurd and Edward Smith and Ashish Darbari},
  booktitle = {Theorem Proving in Higher Order Logics~-- 18th International Conference, TPHOLs 2005, Oxford, UK, August 2005, Emerging Trends Proceedings},
  pages     = {180--189},
  address   = {Oxford, UK},
  publisher = {Oxford University Computing Laboratory, Programming Research Group},
  note      = {Research Report PRG-RR-05-02},
  month     = aug,
  year      = {2005}
}

@article{Dixon04,
  author    = {Heidi E. Dixon and
               Matthew L. Ginsberg and
               Andrew J. Parkes},
  title     = {Generalizing Boolean Satisfiability I: Background and Survey
               of Existing Work.},
  journal   = {J. Artif. Intell. Res. (JAIR)},
  volume    = {21},
  year      = {2004},
  pages     = {193-243},
}

@inproceedings{Fontaine06,
  author    = {Pascal Fontaine and
               Jean-Yves Marion and
               Stephan Merz and
               Leonor Prensa Nieto and
               Alwen Fernanto Tiu},
  title     = {Expressiveness + Automation + Soundness: Towards Combining
               SMT Solvers and Interactive Proof Assistants.},
  booktitle = {TACAS},
  year      = {2006},
  pages     = {167-181},
  publisher = {Springer},
  series    = {Lecture Notes in Computer Science},
  volume    = {3920},
}

@inproceedings{MBG06,
  author    = "Sean McLaughlin and Clark Barrett and Yeting Ge",
  title     = "Cooperating Theorem Provers: A Case Study Combining {HOL-L}ight and {CVC L}ite",
  booktitle = {{PDPAR}'05 Workshop},
  series    = "Electronic Notes in Theoretical Computer Science",
  volume    = "144(2)",
  publisher = "Elsevier",
  pages     = "43--51",
  month     = jan,
  year      = 2006,
}

@InProceedings{BBD03,
  author = 	 {Clark Barrett and Sergey Berezin},
  title = 	 {A Proof-Producing Boolean Search Engine},
  key = 	 {2003},
  booktitle = {{PDPAR}'03 Workshop, Miami, Florida},
  OPTpages = 	 {},
  year = 	 {2003},
  month = 	 jul,
}
